{
  "leader": "05205cam a2200673 a 4500",
  "fields": [
    {
      "001": "ocm50783551\\"
    },
    {
      "003": "OCoLC"
    },
    {
      "005": "20220705093852.0"
    },
    {
      "008": "020911s2002\\\\\\\\enkacf\\\\\\b\\\\\\\\001\\0beng\\\\"
    },
    {
      "040": {
        "ind1": "\\",
        "ind2": "\\",
        "subfields": [
          {
            "a": "UKM"
          },
          {
            "b": "eng"
          },
          {
            "c": "UKM"
          },
          {
            "d": "NDD"
          },
          {
            "d": "TKN"
          },
          {
            "d": "DAY"
          },
          {
            "d": "OCLCQ"
          },
          {
            "d": "ZCH"
          },
          {
            "d": "NLGGC"
          },
          {
            "d": "BAKER"
          },
          {
            "d": "LVB"
          },
          {
            "d": "YDXCP"
          },
          {
            "d": "OCLCG"
          },
          {
            "d": "NLM"
          },
          {
            "d": "HLS"
          },
          {
            "d": "BDX"
          },
          {
            "d": "EUM"
          },
          {
            "d": "OCLCO"
          },
          {
            "d": "OCLCF"
          },
          {
            "d": "OCLCO"
          },
          {
            "d": "OCLCQ"
          },
          {
            "d": "TWP"
          },
          {
            "d": "OCLCQ"
          },
          {
            "d": "OCL"
          },
          {
            "d": "IOG"
          },
          {
            "d": "GILDS"
          },
          {
            "d": "OCLCO"
          },
          {
            "d": "PAU"
          },
          {
            "d": "OCLCA"
          },
          {
            "d": "OCLCQ"
          },
          {
            "d": "OCLCO"
          },
          {
            "d": "OCL"
          },
          {
            "d": "L2U"
          },
          {
            "d": "IL4J6"
          },
          {
            "d": "OCLCQ"
          },
          {
            "d": "OCLCO"
          }
        ]
      }
    },
    {
      "016": {
        "ind1": "7",
        "ind2": "\\",
        "subfields": [
          {
            "a": "101480594"
          },
          {
            "2": "DNLM"
          }
        ]
      }
    },
    {
      "019": {
        "ind1": "\\",
        "ind2": "\\",
        "subfields": [
          {
            "a": "50689020"
          },
          {
            "a": "50860383"
          },
          {
            "a": "752303278"
          }
        ]
      }
    },
    {
      "020": {
        "ind1": "\\",
        "ind2": "\\",
        "subfields": [
          {
            "a": "0674009622"
          }
        ]
      }
    },
    {
      "020": {
        "ind1": "\\",
        "ind2": "\\",
        "subfields": [
          {
            "a": "9780674009622"
          }
        ]
      }
    },
    {
      "035": {
        "ind1": "\\",
        "ind2": "\\",
        "subfields": [
          {
            "a": "(OCoLC)50783551"
          },
          {
            "z": "(OCoLC)50689020"
          },
          {
            "z": "(OCoLC)50860383"
          },
          {
            "z": "(OCoLC)752303278"
          }
        ]
      }
    },
    {
      "042": {
        "ind1": "\\",
        "ind2": "\\",
        "subfields": [
          {
            "a": "pcc"
          }
        ]
      }
    },
    {
      "043": {
        "ind1": "\\",
        "ind2": "\\",
        "subfields": [
          {
            "a": "n-us---"
          }
        ]
      }
    },
    {
      "050": {
        "ind1": "\\",
        "ind2": "4",
        "subfields": [
          {
            "a": "QD22.C6"
          },
          {
            "b": "S97 2002"
          }
        ]
      }
    },
    {
      "060": {
        "ind1": "0",
        "ind2": "0",
        "subfields": [
          {
            "a": "2008 K-216"
          }
        ]
      }
    },
    {
      "060": {
        "ind1": "1",
        "ind2": "0",
        "subfields": [
          {
            "a": "WZ 100"
          },
          {
            "b": "C67805s 2002"
          }
        ]
      }
    },
    {
      "082": {
        "ind1": "0",
        "ind2": "4",
        "subfields": [
          {
            "a": "572.6092"
          },
          {
            "b": "SUR"
          }
        ]
      }
    },
    {
      "100": {
        "ind1": "1",
        "ind2": "\\",
        "subfields": [
          {
            "a": "Surgenor, Douglas MacN.,"
          },
          {
            "d": "1918-"
          }
        ]
      }
    },
    {
      "245": {
        "ind1": "1",
        "ind2": "0",
        "subfields": [
          {
            "a": "Edwin J. Cohn and the development of protein chemistry :"
          },
          {
            "b": "with a detailed account of his work on the fractionation of blood during and after World War II /"
          },
          {
            "c": "Douglas M. Surgenor."
          }
        ]
      }
    },
    {
      "260": {
        "ind1": "\\",
        "ind2": "\\",
        "subfields": [
          {
            "a": "[Boston?] :"
          },
          {
            "b": "Center for Blood Research ;"
          },
          {
            "a": "[Great Britain] :"
          },
          {
            "b": "Distributed by Harvard University Press,"
          },
          {
            "c": "2002, \u00a92001."
          }
        ]
      }
    },
    {
      "300": {
        "ind1": "\\",
        "ind2": "\\",
        "subfields": [
          {
            "a": "xix, 434 pages, 12 unnumbered pages of plates :"
          },
          {
            "b": "illustrations, portraits ;"
          },
          {
            "c": "24 cm"
          }
        ]
      }
    },
    {
      "336": {
        "ind1": "\\",
        "ind2": "\\",
        "subfields": [
          {
            "a": "text"
          },
          {
            "b": "txt"
          },
          {
            "2": "rdacontent"
          }
        ]
      }
    },
    {
      "337": {
        "ind1": "\\",
        "ind2": "\\",
        "subfields": [
          {
            "a": "unmediated"
          },
          {
            "b": "n"
          },
          {
            "2": "rdamedia"
          }
        ]
      }
    },
    {
      "338": {
        "ind1": "\\",
        "ind2": "\\",
        "subfields": [
          {
            "a": "volume"
          },
          {
            "b": "nc"
          },
          {
            "2": "rdacarrier"
          }
        ]
      }
    },
    {
      "504": {
        "ind1": "\\",
        "ind2": "\\",
        "subfields": [
          {
            "a": "Includes bibliographical references and index."
          }
        ]
      }
    },
    {
      "520": {
        "ind1": "1",
        "ind2": "\\",
        "subfields": [
          {
            "a": "\"Today, the use of blood and blood derivatives in the delivery of medical and surgical care is so extensive that its provision involves a multi billion dollar industry. Yet, as little as sixty years ago the use of blood in medicine and surgery was an infrequent occurrence restricted to occasional transfusions made directly from donors to patients. A dramatic change took place within the space of a single decade - from 1940 to 1950. This was prompted by the pressures and demands of a world conflict that led to the response by Edwin J. Cohn and his associates for blood products to treat the wounded in World War II.\" \"Edwin J. Cohn and the Development of Protein Chemistry tells the story of the birth and cradle period of our present-day knowledge of protein chemistry and of blood and blood derivatives.\"--Jacket."
          }
        ]
      }
    },
    {
      "505": {
        "ind1": "0",
        "ind2": "0",
        "subfields": [
          {
            "t": "Foreword --"
          },
          {
            "t": "Acknowledgements --"
          },
          {
            "g": "1"
          },
          {
            "t": "An Auspicious Beginning"
          },
          {
            "g": "(starting p. 1) --"
          },
          {
            "g": "2"
          },
          {
            "t": "Early Years at Harvard"
          },
          {
            "g": "(starting p. 15) --"
          },
          {
            "g": "3"
          },
          {
            "t": "Characterizing the Active Principle in Pernicious Anemia"
          },
          {
            "g": "(starting p. 32) --"
          },
          {
            "g": "4"
          },
          {
            "t": "Amino Acids and Peptides as Prototypes of Proteins"
          },
          {
            "g": "(starting p. 44) --"
          },
          {
            "g": "5"
          },
          {
            "t": "Return to the Studies of Proteins"
          },
          {
            "g": "(starting p. 68) --"
          },
          {
            "g": "6"
          },
          {
            "t": "War in Europe: An Abrupt Change in Direction"
          },
          {
            "g": "(starting p. 89) --"
          },
          {
            "g": "7"
          },
          {
            "t": "Preparation for War"
          },
          {
            "g": "(starting p. 113) --"
          },
          {
            "g": "8"
          },
          {
            "t": "The Aftermath of Pearl Harbor"
          },
          {
            "g": "(starting p. 135) --"
          },
          {
            "g": "9"
          },
          {
            "t": "The Norfolk Incident"
          },
          {
            "g": "(starting p. 157) --"
          },
          {
            "g": "10"
          },
          {
            "t": "1943: The Critical Year"
          },
          {
            "g": "(starting p. 166) --"
          },
          {
            "g": "11"
          },
          {
            "t": "The Invasion of Europe"
          },
          {
            "g": "(starting p. 190) --"
          },
          {
            "g": "12"
          },
          {
            "t": "Victory in Europe and the Far East"
          },
          {
            "g": "(starting p. 216) --"
          },
          {
            "g": "13"
          },
          {
            "t": "A Peaceful Interlude"
          },
          {
            "g": "(starting p. 236) --"
          },
          {
            "g": "14"
          },
          {
            "t": "The Cold War"
          },
          {
            "g": "(starting p. 257) --"
          },
          {
            "g": "15"
          },
          {
            "t": "The Need for a National Blood Program"
          },
          {
            "g": "(starting p. 274) --"
          },
          {
            "g": "16"
          },
          {
            "t": "University Professor"
          },
          {
            "g": "(starting p. 299) --"
          },
          {
            "g": "17"
          },
          {
            "t": "The Blood Characterization and Preservation Laboratory"
          },
          {
            "g": "(starting p. 314) --"
          },
          {
            "g": "18"
          },
          {
            "t": "Implications of New Knowledge"
          },
          {
            "g": "(starting p. 332) --"
          },
          {
            "g": "19"
          },
          {
            "t": "Afterevents -- The Legacy of Edwin J. Cohn"
          },
          {
            "g": "(starting p. 356) --"
          },
          {
            "t": "Notes"
          },
          {
            "g": "(starting p. 367) --"
          },
          {
            "t": "Index"
          },
          {
            "g": "(starting p. 401) --"
          },
          {
            "t": "About the Author"
          },
          {
            "g": "(starting p. 433)."
          }
        ]
      }
    },
    {
      "600": {
        "ind1": "1",
        "ind2": "0",
        "subfields": [
          {
            "a": "Cohn, Edwin J."
          },
          {
            "q": "(Edwin Joseph),"
          },
          {
            "d": "1892-1953."
          }
        ]
      }
    },
    {
      "650": {
        "ind1": "\\",
        "ind2": "0",
        "subfields": [
          {
            "a": "Proteins."
          }
        ]
      }
    },
    {
      "650": {
        "ind1": "\\",
        "ind2": "0",
        "subfields": [
          {
            "a": "Chemistry"
          },
          {
            "x": "History"
          },
          {
            "y": "20th century."
          }
        ]
      }
    },
    {
      "650": {
        "ind1": "\\",
        "ind2": "0",
        "subfields": [
          {
            "a": "Chemists"
          },
          {
            "z": "United States"
          },
          {
            "v": "Biography."
          }
        ]
      }
    },
    {
      "650": {
        "ind1": "\\",
        "ind2": "0",
        "subfields": [
          {
            "a": "Clinical chemistry."
          }
        ]
      }
    },
    {
      "600": {
        "ind1": "1",
        "ind2": "2",
        "subfields": [
          {
            "a": "Cohn, Edwin J"
          },
          {
            "q": "(Edwin Joseph),"
          },
          {
            "d": "1892-1953"
          }
        ]
      }
    },
    {
      "650": {
        "ind1": "1",
        "ind2": "2",
        "subfields": [
          {
            "a": "Chemistry, Clinical"
          }
        ]
      }
    },
    {
      "650": {
        "ind1": "2",
        "ind2": "2",
        "subfields": [
          {
            "a": "Blood Proteins"
          },
          {
            "x": "analysis"
          }
        ]
      }
    },
    {
      "650": {
        "ind1": "2",
        "ind2": "2",
        "subfields": [
          {
            "a": "Blood Proteins"
          },
          {
            "x": "physiology"
          }
        ]
      }
    },
    {
      "650": {
        "ind1": "2",
        "ind2": "2",
        "subfields": [
          {
            "a": "Chemistry, Clinical"
          },
          {
            "x": "history"
          }
        ]
      }
    },
    {
      "650": {
        "ind1": "2",
        "ind2": "2",
        "subfields": [
          {
            "a": "History, 20th Century"
          }
        ]
      }
    },
    {
      "651": {
        "ind1": "\\",
        "ind2": "2",
        "subfields": [
          {
            "a": "United States"
          }
        ]
      }
    },
    {
      "600": {
        "ind1": "1",
        "ind2": "7",
        "subfields": [
          {
            "a": "Cohn, Edwin J."
          },
          {
            "q": "(Edwin Joseph),"
          },
          {
            "d": "1892-1953"
          },
          {
            "2": "fast"
          },
          {
            "0": "(OCoLC)fst00485187"
          }
        ]
      }
    },
    {
      "650": {
        "ind1": "\\",
        "ind2": "7",
        "subfields": [
          {
            "a": "Chemistry."
          },
          {
            "2": "fast"
          },
          {
            "0": "(OCoLC)fst00853344"
          }
        ]
      }
    },
    {
      "650": {
        "ind1": "\\",
        "ind2": "7",
        "subfields": [
          {
            "a": "Chemists."
          },
          {
            "2": "fast"
          },
          {
            "0": "(OCoLC)fst00853570"
          }
        ]
      }
    },
    {
      "650": {
        "ind1": "\\",
        "ind2": "7",
        "subfields": [
          {
            "a": "Proteins."
          },
          {
            "2": "fast"
          },
          {
            "0": "(OCoLC)fst01079711"
          }
        ]
      }
    },
    {
      "651": {
        "ind1": "\\",
        "ind2": "7",
        "subfields": [
          {
            "a": "United States."
          },
          {
            "2": "fast"
          },
          {
            "0": "(OCoLC)fst01204155"
          }
        ]
      }
    },
    {
      "648": {
        "ind1": "\\",
        "ind2": "7",
        "subfields": [
          {
            "a": "1900-1999"
          },
          {
            "2": "fast"
          }
        ]
      }
    },
    {
      "655": {
        "ind1": "\\",
        "ind2": "2",
        "subfields": [
          {
            "a": "Biography"
          }
        ]
      }
    },
    {
      "655": {
        "ind1": "\\",
        "ind2": "7",
        "subfields": [
          {
            "a": "Biographies."
          },
          {
            "2": "fast"
          },
          {
            "0": "(OCoLC)fst01919896"
          }
        ]
      }
    },
    {
      "655": {
        "ind1": "\\",
        "ind2": "7",
        "subfields": [
          {
            "a": "History."
          },
          {
            "2": "fast"
          },
          {
            "0": "(OCoLC)fst01411628"
          }
        ]
      }
    },
    {
      "655": {
        "ind1": "\\",
        "ind2": "7",
        "subfields": [
          {
            "a": "Biographies."
          },
          {
            "2": "lcgft"
          }
        ]
      }
    },
    {
      "710": {
        "ind1": "2",
        "ind2": "\\",
        "subfields": [
          {
            "a": "Center for Blood Research (Boston, Mass.)"
          }
        ]
      }
    },
    {
      "776": {
        "ind1": "0",
        "ind2": "8",
        "subfields": [
          {
            "i": "Online version:"
          },
          {
            "a": "Surgenor, Douglas MacN., 1918-"
          },
          {
            "t": "Edwin J. Cohn and the development of protein chemistry."
          },
          {
            "d": "[Boston?] : Center for Blood Research ; [Great Britain] : Distributed by Harvard University Press, 2002, \u00a92001"
          },
          {
            "w": "(OCoLC)606853488"
          }
        ]
      }
    },
    {
      "776": {
        "ind1": "0",
        "ind2": "8",
        "subfields": [
          {
            "i": "Online version:"
          },
          {
            "a": "Surgenor, Douglas MacN., 1918-"
          },
          {
            "t": "Edwin J. Cohn and the development of protein chemistry."
          },
          {
            "d": "[Boston?] : Center for Blood Research ; [Great Britain] : Distributed by Harvard University Press, 2002, \u00a92001"
          },
          {
            "w": "(OCoLC)608443114"
          }
        ]
      }
    },
    {
      "994": {
        "ind1": "\\",
        "ind2": "\\",
        "subfields": [
          {
            "a": "Z0"
          },
          {
            "b": "NYRVC"
          }
        ]
      }
    },
    {
      "948": {
        "ind1": "\\",
        "ind2": "\\",
        "subfields": [
          {
            "h": "NO HOLDINGS IN NYRVC - 183 OTHER HOLDINGS"
          }
        ]
      }
    },
    {
      "999": {
        "ind1": "\\",
        "ind2": "\\",
        "subfields": [
          {
            "a": "00000000012925"
          }
        ]
      }
    }
  ]
}